<?xml version="1.0" encoding="UTF-8"?><collection xmlns="http://www.loc.gov/MARC21/slim"><record><leader>00415nam--2200121-i-4500</leader><controlfield tag="001">000014587</controlfield><controlfield tag="002">20161230</controlfield><controlfield tag="005">20161230201030</controlfield><controlfield tag="008">060222s1000------------r-----000-0-eng-d</controlfield><datafield ind1=" " ind2=" " tag="080"><subfield code="a">621.791/793(085.2)</subfield></datafield><datafield ind1=" " ind2=" " tag="245"><subfield code="a">Catalog de echipamente pentru sudura, taiere t ermica, lipire si metalizare prin pulverizare. uz intern</subfield></datafield><datafield ind1=" " ind2=" " tag="260"><subfield code="a">Bucuresti, Ministerul Industriei Constructiilo R De Masini, 1980. 180 P</subfield></datafield><datafield ind1=" " ind2=" " tag="852"><subfield code="a">D.2153</subfield></datafield></record></collection>